<record><leader>00000cas a22000007a 4500</leader><controlfield tag="001">31700054</controlfield><controlfield tag="008">941215d199u199ucouwr n       0   a0eng c</controlfield><datafield ind1=" " ind2=" " tag="010"><subfield code="a">sn 94005925 </subfield></datafield><datafield ind1=" " ind2=" " tag="040"><subfield code="a">NSD</subfield><subfield code="b">eng</subfield><subfield code="c">NSD</subfield><subfield code="d">OCLCQ</subfield></datafield><datafield ind1=" " ind2=" " tag="012"><subfield code="j">0</subfield><subfield code="m">d</subfield></datafield><datafield ind1="1" ind2=" " tag="022"><subfield code="a">1080-1359</subfield><subfield code="l">1080-1359</subfield><subfield code="y">1060-5215</subfield><subfield code="2">1</subfield></datafield><datafield ind1=" " ind2=" " tag="037"><subfield code="b">The Jefferson Sentinel, 1224 Wadsworth Blvd., Lakewood, Colo. 80215</subfield></datafield><datafield ind1=" " ind2=" " tag="042"><subfield code="a">nsdp</subfield><subfield code="a">pcc</subfield></datafield><datafield ind1="0" ind2=" " tag="130"><subfield code="a">Jefferson sentinel (Lakewood, Colo. : 1994)</subfield></datafield><datafield ind1=" " ind2="4" tag="222"><subfield code="a">The Jefferson sentinel</subfield><subfield code="b">(1994)</subfield></datafield><datafield ind1="1" ind2="4" tag="245"><subfield code="a">The Jefferson sentinel.</subfield></datafield><datafield ind1=" " ind2=" " tag="260"><subfield code="a">Lakewood, Colo. :</subfield><subfield code="b">WestEdit, Inc.</subfield></datafield><datafield ind1=" " ind2=" " tag="300"><subfield code="a">v.</subfield></datafield><datafield ind1=" " ind2=" " tag="310"><subfield code="a">Weekly</subfield></datafield><datafield ind1=" " ind2=" " tag="588"><subfield code="a">Description based on: Vol. 71, no. 16 (Dec. 1994).</subfield></datafield><datafield ind1="0" ind2="0" tag="780"><subfield code="t">Lakewood Jefferson sentinel (Lakewood, Colo. : 1991)</subfield><subfield code="x">1060-5215</subfield><subfield code="w">(DLC)sn 91004124</subfield></datafield><datafield ind1="0" ind2="0" tag="785"><subfield code="t">Lakewood sentinel (Lakewood, Colo. : 1999)</subfield><subfield code="x">1524-8313</subfield><subfield code="w">(DLC)sn 99003810</subfield></datafield></record>